@article{vistro_2019,
    author = {Vistro, Daniel and Rasheed, Faizan and David, Leo},
    title = {The Cricket Winner Prediction With Application Of Machine Learning And Data Analytics},
    journal = {International Journal of Scientific \& Technology Research},
    year = {2019},
    url = {https://www.kclas.ac.in/wp-content/uploads/2021/01/The-Cricket-Winner-Prediction-With-Application-Of-Machine-Learning-And-Data-Analytics-.pdf}
}
  @Manual{cricketdata,
    title = {cricketdata: International Cricket Data},
    author = {Rob Hyndman and Charles Gray and Sayani Gupta and Timothy Hyndman and Hassan Rafique and Jacquie Tran},
    year = {2025},
    note = {R package version 0.3.0, 
https://github.com/robjhyndman/cricketdata},
    url = {https://pkg.robjhyndman.com/cricketdata/},
  }

@misc{espn_2025_espncricinfo,
  author = {ESPN},
  title = {ESPNcricinfo},
  url = {https://www.espncricinfo.com/},
  urldate = {2025-04-04},
  year = {2025},
  organization = {ESPNcricinfo}
}
@Article{glmnet,
    title = {Elastic Net Regularization Paths for All Generalized Linear Models},
    author = {J. Kenneth Tay and Balasubramanian Narasimhan and Trevor Hastie},
    journal = {Journal of Statistical Software},
    year = {2023},
    volume = {106},
    number = {1},
    pages = {1--31},
    doi = {10.18637/jss.v106.i01},
  }

@misc{espn_2025_espncricinfo2,
  author = {ESPN},
  title = {Virat Kohli Records},
  url = {https://www.espncricinfo.com/cricketers/virat-kohli-253802/tests-odi-t20-records},
  urldate = {2025-04-04},
  year = {2025},
  organization = {ESPNcricinfo}
}

@misc{toisportsdesk_2024_usually,
  author = {{TOI Sports Desk}},
  month = {04},
  publisher = {Times Of India},
  title = {'Usually he isn't this slow': Former India cricketers express concerns about Virat Kohli's strike rate},
  url = {https://timesofindia.indiatimes.com/sports/cricket/ipl/top-stories/usually-he-isnt-this-slow-former-india-cricketers-express-concerns-about-virat-kohlis-strike-rate/articleshow/109615198.cms},
  urldate = {2025-04-04},
  year = {2024},
  organization = {The Times of India}
}

@misc{cricbuzz_2025_ajantha,
  author = {Cricbuzz},
  title = {Ajantha Mendis},
  url = {https://www.cricbuzz.com/profiles/1390/ajantha-mendis#:~:text=Ajantha%20Mendis%20won%20the%20Emerging,has%20accomplished%20that%20feat%20twice.},
  urldate = {2025-04-04},
  year = {2025},
  organization = {Cricbuzz}
}

@misc{espn_2023_afghanistan,
  author = {ESPN},
  month = {11},
  title = {Afghanistan vs Australia 07 11 2023},
  url = {https://www.espncricinfo.com/series/icc-cricket-world-cup-2023-24-1367856/afghanistan-vs-australia-39th-match-1384430/live-cricket-score},
  urldate = {2025-04-04},
  year = {2023},
  organization = {ESPNcricinfo}
}

@article{pROC_package,
    author = {Xavier Robin and Natacha Turck and Alexandre Hainard and
      Natalia Tiberti and Frédérique Lisacek and Jean-Charles Sanchez
      and Markus Müller},
    title = {pROC: an open-source package for R and S+ to analyze and
      compare ROC curves},
    year = {2011},
    journal = {BMC Bioinformatics},
    volume = {12},
    pages = {77},
  }

 @Manual{e1071,
    title = {e1071: Misc Functions of the Department of Statistics, Probability
Theory Group (Formerly: E1071), TU Wien},
    author = {David Meyer and Evgenia Dimitriadou and Kurt Hornik and Andreas Weingessel and Friedrich Leisch},
    year = {2023},
    note = {R package version 1.7-14},
    url = {https://CRAN.R-project.org/package=e1071},
  }

@Manual{r_software,
    title = {R: A Language and Environment for Statistical Computing},
    author = {{R Core Team}},
    organization = {R Foundation for Statistical Computing},
    address = {Vienna, Austria},
    year = {2024},
    url = {https://www.R-project.org/},
  }

@misc{statsguru_2025_total,
  author = {Statsguru},
  publisher = {ESPNcricinfo},
  title = {Total match results: T20 Internationals},
  url = {https://stats.espncricinfo.com/ci/engine/stats/index.html?class=3;orderby=matches;orderbyad=reverse;template=results;type=aggregate},
  urldate = {2025-04-04},
  year = {2025},
  organization = {Cricinfo}
}

@misc{iyer_2023_why,
  author = {Iyer, Rahul},
  month = {09},
  title = {Why do Indian batsmen struggle against left-arm pacers? Rohit Sharma and co.'s record against left-armers detailed},
  url = {https://www.sportingnews.com/in/cricket/news/why-do-indian-batsmen-struggle-against-left-arm-pacers-rohit-sharma-and-cos-record-against-left-armers-detailed/aomdbaj3kqbxdyimaxsefxrm},
  urldate = {2025-04-04},
  year = {2023},
  organization = {Sportingnews.com}
}

@misc{krishnaswamy_2022_the,
  author = {Krishnaswamy, Karthik},
  month = {04},
  title = {The (un)dew advantage: what choice do teams batting first have?},
  url = {https://www.espncricinfo.com/story/ipl-2022-pbks-vs-kkr-the-undew-advantage-what-choice-do-teams-batting-first-have-1308698},
  urldate = {2025-04-04},
  year = {2022},
  organization = {ESPNcricinfo}
}